@article{neuron1943pitts,
	year={1943},
	issn={0007-4985},
	journal={The bulletin of mathematical biophysics},
	volume={5},
	number={4},
	doi={10.1007/BF02478259},
	title={A logical calculus of the ideas immanent in nervous activity},
	url={http://dx.doi.org/10.1007/BF02478259},
	publisher={Kluwer Academic Publishers},
	author={McCulloch, WarrenS. and Pitts, Walter},
	pages={115-133},
}

@incollection{backProp,
 author = {Rumelhart, David E. and Hinton, Geoffrey E. and Williams, Ronald J.},
 chapter = {Learning Representations by Back-propagating Errors},
 title = {Neurocomputing: Foundations of Research},
 editor = {Anderson, James A. and Rosenfeld, Edward},
 year = {1988},
 isbn = {0-262-01097-6},
 pages = {696--699},
 numpages = {4},
 url = {http://dl.acm.org/citation.cfm?id=65669.104451},
 acmid = {104451},
 publisher = {MIT Press},
 address = {Cambridge, MA, USA},
} 

@article{lecun1989zipcode,
 author = {LeCun, Y. and Boser, B. and Denker, J. S. and Henderson, D. and Howard, R. E. and Hubbard, W. and Jackel, L. D.},
 title = {Backpropagation Applied to Handwritten Zip Code Recognition},
 journal = {Neural Comput.},
 issue_date = {Winter 1989},
 volume = {1},
 number = {4},
 month = dec,
 year = {1989},
 issn = {0899-7667},
 pages = {541--551},
 numpages = {11},
 url = {http://dx.doi.org/10.1162/neco.1989.1.4.541},
 doi = {10.1162/neco.1989.1.4.541},
 acmid = {1351090},
 publisher = {MIT Press},
 address = {Cambridge, MA, USA},
} 

@article{fukushima1980deep,
  added-at = {2008-03-11T14:52:34.000+0100},
  author = {Fukushima, Kunihiko},
  citeulike-article-id = {2376719},
  interhash = {303975e6400e477e91c91e7dc2c47544},
  intrahash = {9ecd878c4827c46dab6b9622cfa00072},
  journal = {Biological Cybernetics},
  keywords = {nn},
  pages = {193--202},
  priority = {2},
  timestamp = {2008-03-11T15:04:22.000+0100},
  title = {{N}eocognitron: {A} Self-Organizing Neural Network Model for a Mechanism of Pattern Recognition Unaffected by Shift in Position},
  volume = 36,
  year = 1980
}

@inproceedings{dalal2005hog,
 author = {Dalal, Navneet and Triggs, Bill},
 title = {Histograms of Oriented Gradients for Human Detection},
 booktitle = {Proceedings of the 2005 IEEE Computer Society Conference on Computer Vision and Pattern Recognition (CVPR'05) - Volume 1 - Volume 01},
 series = {CVPR '05},
 year = {2005},
 isbn = {0-7695-2372-2},
 pages = {886--893},
 numpages = {8},
 url = {http://dx.doi.org/10.1109/CVPR.2005.177},
 doi = {10.1109/CVPR.2005.177},
 acmid = {1069007},
 publisher = {IEEE Computer Society},
 address = {Washington, DC, USA},
} 

@article{hinton2006rbm,
  added-at = {2008-07-15T10:05:18.000+0200},
  author = {Hinton, G E and Salakhutdinov, R R},
  doi = {10.1126/science.1127647},
  interhash = {019918b82518b74f443a22dc58a0117f},
  intrahash = {135bbce97b449ddf5fca7be88102b53c},
  journal = {Science},
  month = Jul,
  number = 5786,
  pages = {504-507},
  pmid = {16873662},
  timestamp = {2008-07-15T10:05:18.000+0200},
  title = {Reducing the dimensionality of data with neural networks},
  url = {http://www.ncbi.nlm.nih.gov/sites/entrez?db=pubmed&uid=16873662&cmd=showdetailview&indexed=google},
  volume = 313,
  year = 2006
}

@inproceedings{lecun1998lenet,
    author = {Yann Lecun and LÃ©on Bottou and Yoshua Bengio and Patrick Haffner},
    title = {Gradient-based learning applied to document recognition},
    booktitle = {Proceedings of the IEEE},
    year = {1998},
    pages = {2278--2324}
}

@unpublished{sobel1968operator,
    author = {Sobel, I. and Feldman, G.},
    priority = {2},
    title = {A 3x3 Isotropic Gradient Operator for Image Processing},
    year = {1968}
}

@incollection{hochreiter2001vanish,
  author = {Hochreiter, S. and Bengio, Y. and Frasconi, P. and Schmidhuber, J.},
  booktitle = {A Field Guide to Dynamical Recurrent Neural Networks},
  editor = {Kremer and Kolen},
  publisher = {IEEE Press},
  title = {Gradient flow in recurrent nets: the difficulty of learning long-term
	dependencies},
  year = 2001
}

@inproceedings{bengio2011relu, 
    Publisher = {Journal of Machine Learning Research - Workshop and Conference Proceedings}, 
    Author = {Xavier Glorot and Antoine Bordes and Yoshua Bengio}, 
    Url = {http://www.jmlr.org/proceedings/papers/v15/glorot11a/glorot11a.pdf}, 
    Booktitle = {Proceedings of the Fourteenth International Conference on Artificial Intelligence and Statistics (AISTATS-11)}, 
    Title = {Deep Sparse Rectifier Neural Networks}, 
    Volume = {15}, 
    Editor = {Geoffrey J. Gordon and David B. Dunson}, 
    Year = {2011}, 
    Pages = {315-323} 
   }

@inproceedings{collobert2011torch,
  title = {Torch7: A Matlab-like Environment for Machine Learning},
  author = {R. Collobert and K. Kavukcuoglu and C. Farabet},
  booktitle = {BigLearn, NIPS Workshop},
  year = {2011}
}

@article{bradski2000opencv,
    author = {Bradski, G.},
    citeulike-article-id = {2236121},
    journal = {Dr. Dobb's Journal of Software Tools},
    keywords = {bibtex-import},
    posted-at = {2008-01-15 19:21:54},
    priority = {4},
    title = {Open Source Computer Vision Library - OpenCV},
    year = {2000}
}

@article{jia2014caffe,
  author = {Jia, Yangqing and Shelhamer, Evan and Donahue, Jeff and Karayev, Sergey and Long, Jonathan and Girshick, Ross and Guadarrama, Sergio and Darrell, Trevor},
  journal = {arXiv preprint arXiv:1408.5093},
  title = {Caffe: Convolutional Architecture for Fast Feature Embedding},
  year = {2014}
}

@inproceedings{bergstra2010theano,
     author = {Bergstra, James and Breuleux, Olivier and Bastien, Fr{\'{e}}d{\'{e}}ric and Lamblin, Pascal and Pascanu, Razvan and Desjardins, Guillaume and Turian, Joseph and Warde-Farley, David and Bengio, Yoshua},
      month = jun,
      title = {Theano: a {CPU} and {GPU} Math Expression Compiler},
  booktitle = {Proceedings of the Python for Scientific Computing Conference ({SciPy})},
       year = {2010},
   location = {Austin, TX},
       note = {Oral Presentation}
}

@article{hinton2014dropout,
 author = {Srivastava, Nitish and Hinton, Geoffrey and Krizhevsky, Alex and Sutskever, Ilya and Salakhutdinov, Ruslan},
 title = {Dropout: A Simple Way to Prevent Neural Networks from Overfitting},
 journal = {J. Mach. Learn. Res.},
 issue_date = {January 2014},
 volume = {15},
 number = {1},
 month = jan,
 year = {2014},
 issn = {1532-4435},
 pages = {1929--1958},
 numpages = {30},
 url = {http://dl.acm.org/citation.cfm?id=2627435.2670313},
 acmid = {2670313},
 publisher = {JMLR.org},
 keywords = {deep learning, model combination, neural networks, regularization},
} 

@misc{tompson2013jtorch,
  author = {J. Tompson},
  title = {jtorch - Jonathan's Torch7 Utility Library (C++, OpenCL)},
  year = {2013},
  publisher = {GitHub},
  journal = {GitHub repository},
  howpublished = {\url{https://github.com/jonathantompson/jtorch}}
}

@article{hinton2015distill,
   author = {{Hinton}, G. and {Vinyals}, O. and {Dean}, J.},
    title = "{Distilling the Knowledge in a Neural Network}",
  journal = {ArXiv e-prints},
archivePrefix = "arXiv",
   eprint = {1503.02531},
 primaryClass = "stat.ML",
 keywords = {Statistics - Machine Learning, Computer Science - Learning, Computer Science - Neural and Evolutionary Computing},
     year = 2015,
    month = mar,
   adsurl = {http://adsabs.harvard.edu/abs/2015arXiv150302531H},
  adsnote = {Provided by the SAO/NASA Astrophysics Data System}
}
	

